@Misc{EDM,
  author       = {Scheuer, Oliver and McLaren, Bruce M.},
  title        = {Educational Data Mining},
  howpublished = {http://www.cs.cmu.edu/~bmclaren/pubs/ScheuerMcLaren-EducationalDataMining-EncyOfLearningScience2011.pdf},
  year         = {2011},
}

@Misc{review,
  author       = {Romero, Cristóba and Ventura, Sebastián},
  title        = {Educational Data Mining: A Review of the State-of-the-Art},
  howpublished = {http://s3.amazonaws.com/academia.edu.documents/30661302/VersionFinalEnviada.pdf?AWSAccessKeyId=AKIAJ56TQJRTWSMTNPEA\&Expires=1475457432\&Signature=f8VjKmT6J6T32oRIIL3Ia%2BNGtTo%3D\&response-content-disposition=inline%3B%20filename%3DEducational_data_mining_a_review_of_the.pdf},
  year         = {2010},
}